@book{okasaki-1998,
author = {Okasaki, Chris},
title = {Purely Functional Data Structures},
publisher = {Cambridge University Press},
year = {1998},
doi = {10.1017/CBO9780511530104}
}

@article{germane-matthew-2014,
author = {Germane, Kimball and Might, Matthew},
year = {2014},
month = {07},
pages = {423-433},
title = {Deletion: The curse of the red-black tree},
volume = {24},
journal = {Journal of Functional Programming},
doi = {10.1017/S0956796814000227}
}

@book{cormen-et-al-2009,
author = {Cormen, Thomas H. and Leiserson, Charles E. and Rivest, Ronald L. and Stein, Clifford},
title = {Introduction to Algorithms},
publisher = {The MIT Press},
edition={3rd},
year = {2009},
doi = {10.5555/1614191}
}

@inproceedings{magnus-et-al-2018,
author = {Madsen, Magnus and Zarifi, Ramin and Lhot\'{a}k, Ond\v{r}ej},
title = {Tail Call Elimination and Data Representation for Functional Languages on the Java Virtual Machine},
year = {2018},
publisher = {Association for Computing Machinery},
doi = {10.1145/3178372.3179499},
booktitle = {Proceedings of the 27th International Conference on Compiler Construction},
pages = {139–150},
numpages = {12}
}

@inproceedings{magnus-et-al-2016,
author = {Madsen, Magnus and Yee, Ming-Ho and Lhot\'{a}k, Ond\v{r}ej},
title = {From Datalog to Flix: A Declarative Language for Fixed Points on Lattices},
year = {2016},
publisher = {Association for Computing Machinery},
doi = {10.1145/2908080.2908096},
booktitle = {Proceedings of the 37th ACM SIGPLAN Conference on Programming Language Design and Implementation},
pages = {194–208},
numpages = {15}
}

@book{lindholm-et-al-2020,
author = {Lindholm, Tim and Yellin, Frank and Bracha, Gilad and Buckley, Alex and Smith, Daniel},
title = {The Java Virtual Machine Specification, Java SE 14 Edition},
url={https://docs.oracle.com/javase/specs/jvms/se14/html/index.html},
publisher = {Oracle America, Inc.},
year = {2020}
}

@misc{dahse-2020,
author={Dahse, Benjamin},
title={Control Flow Analysis in Flix},
year={2020}
}

@misc{bagwell-2001,
author = {Phil Bagwell},
title = {Ideal Hash Trees},
year = {2001}
}